@inproceedings{li2016optimality,
  title={Optimality of the distance dispersion fixation identification algorithm},
  author={Li, Beibin and Wang, Quan and Boccanfuso, Laura and Shic, Frederick},
  booktitle={Proceedings of the Ninth Biennial ACM Symposium on Eye Tracking Research \& Applications},
  pages={339--340},
  year={2016},
  organization={ACM}
}


@inproceedings{li2016modified,
  title={Modified DBSCAN algorithm on oculomotor fixation identification},
  author={Li, Beibin and Wang, Quan and Barney, Erin and Hart, Logan and Wall, Carla and Chawarska, Katarzyna and de Urabain, Irati Saez and Smith, Timothy J and Shic, Frederick},
  booktitle={Proceedings of the Ninth Biennial ACM Symposium on Eye Tracking Research \& Applications},
  pages={337--338},
  year={2016},
  organization={ACM}
}


@inproceedings{wang2016thermographic,
  title={Thermographic eye tracking},
  author={Wang, Quan and Boccanfuso, Laura and Li, Beibin and Ahn, Amy Yeo-jin and Foster, Claire E and Orr, Margaret P and Scassellati, Brian and Shic, Frederick},
  booktitle={Proceedings of the Ninth Biennial ACM Symposium on Eye Tracking Research \& Applications},
  pages={307--310},
  year={2016},
  organization={ACM}
}


